@article{b2bSuccessFactors,
	author    = "Riyad Eid and Myfanwy Trueman and Abdel Moneim Ahmed",
	title     = "A cross-industry review of B2B critical success factors",
	journal   = "Internet Research",
	volume   = "12",
	number   = "2",
	year      = "2002",
}